% Blue-noise Sampling
@inproceedings{zhao2013image,
  title={Image vectorization using blue-noise sampling},
  author={Zhao, Jiaojiao and Feng, Jie and Zhou, Bingfeng},
  booktitle={Imaging and Printing in a Web 2.0 World IV},
  volume={8664},
  pages={86640H},
  year={2013},
  organization={International Society for Optics and Photonics}
}

% Im2Vec
@misc{reddy2021im2vec,
      title={Im2Vec: Synthesizing Vector Graphics without Vector Supervision}, 
      author={Pradyumna Reddy and Michael Gharbi and Michal Lukac and Niloy J. Mitra},
      year={2021},
      eprint={2102.02798},
      archivePrefix={arXiv},
      primaryClass={cs.CV}
}

% Content loss
@misc{dumoulin2017learned,
      title={A Learned Representation For Artistic Style}, 
      author={Vincent Dumoulin and Jonathon Shlens and Manjunath Kudlur},
      year={2017},
      eprint={1610.07629},
      archivePrefix={arXiv},
      primaryClass={cs.CV}
}

% AdaIN (Example of content loss)
@misc{huang2017arbitrary,
      title={Arbitrary Style Transfer in Real-time with Adaptive Instance Normalization}, 
      author={Xun Huang and Serge Belongie},
      year={2017},
      eprint={1703.06868},
      archivePrefix={arXiv},
      primaryClass={cs.CV}
}

% Potrace
@article{selinger2003potrace,
  title={Potrace: a polygon-based tracing algorithm},
  author={Selinger, Peter},
  journal={Potrace (online), http://potrace. sourceforge. net/potrace. pdf (2009-07-01)},
  volume={2},
  year={2003},
  publisher={Citeseer}
}

% Simplifying meshes
@inproceedings{hoppe1999new,
  title={New quadric metric for simplifying meshes with appearance attributes},
  author={Hoppe, Hugues},
  booktitle={Proceedings Visualization'99 (Cat. No. 99CB37067)},
  pages={59--510},
  year={1999},
  organization={IEEE}
}
